<record><leader>00000cas a2200000 a 4500</leader><controlfield tag="001">7445311</controlfield><controlfield tag="007">hd afu---bucu</controlfield><controlfield tag="008">810526u196uuuuucauer nea     0    0eng c</controlfield><datafield ind1=" " ind2=" " tag="010"><subfield code="a">  2003252528</subfield></datafield><datafield ind1=" " ind2=" " tag="040"><subfield code="a">AKR</subfield><subfield code="b">eng</subfield><subfield code="c">AKR</subfield><subfield code="d">OCL</subfield><subfield code="d">WAU</subfield><subfield code="d">ORZ</subfield><subfield code="d">OCLCQ</subfield><subfield code="d">OCLCF</subfield><subfield code="d">CRL</subfield><subfield code="d">OCLCO</subfield><subfield code="d">OCLCQ</subfield></datafield><datafield ind1=" " ind2=" " tag="019"><subfield code="a">42316340</subfield></datafield><datafield ind1=" " ind2=" " tag="042"><subfield code="a">pcc</subfield></datafield><datafield ind1=" " ind2=" " tag="043"><subfield code="a">n-us-ca</subfield></datafield><datafield ind1=" " ind2="4" tag="050"><subfield code="a">AN3</subfield><subfield code="b">.U5 Reel 3</subfield></datafield><datafield ind1="0" ind2="0" tag="245"><subfield code="a">Harambee.</subfield></datafield><datafield ind1=" " ind2=" " tag="260"><subfield code="a">Los Angeles, Calif. :</subfield><subfield code="b">Black Congress</subfield></datafield><datafield ind1=" " ind2=" " tag="300"><subfield code="a">volumes :</subfield><subfield code="b">illustrations</subfield></datafield><datafield ind1=" " ind2=" " tag="310"><subfield code="a">Biweekly</subfield></datafield><datafield ind1=" " ind2=" " tag="336"><subfield code="a">text</subfield><subfield code="b">txt</subfield><subfield code="2">rdacontent</subfield></datafield><datafield ind1=" " ind2=" " tag="337"><subfield code="a">microform</subfield><subfield code="b">h</subfield><subfield code="2">rdamedia</subfield></datafield><datafield ind1=" " ind2=" " tag="338"><subfield code="a">microfilm reel</subfield><subfield code="b">hd</subfield><subfield code="2">rdacarrier</subfield></datafield><datafield ind1=" " ind2=" " tag="500"><subfield code="a">"Lets all pull together."</subfield></datafield><datafield ind1=" " ind2=" " tag="588"><subfield code="a">Description based on: Vol. 2, no. 2 (Dec. 1967).</subfield></datafield><datafield ind1=" " ind2=" " tag="533"><subfield code="a">Microfilm.</subfield><subfield code="b">Wooster, Ohio :</subfield><subfield code="c">Bell &amp; Howell Co.</subfield><subfield code="e">microfilm reels ; 35 mm.</subfield><subfield code="f">(Underground newspaper collection).</subfield><subfield code="n">Filmed with other titles.</subfield></datafield><datafield ind1=" " ind2="0" tag="651"><subfield code="a">Los Angeles (Calif.)</subfield><subfield code="v">Newspapers.</subfield></datafield><datafield ind1=" " ind2="0" tag="651"><subfield code="a">Los Angeles County (Calif.)</subfield><subfield code="v">Newspapers.</subfield></datafield><datafield ind1=" " ind2="7" tag="651"><subfield code="a">California</subfield><subfield code="z">Los Angeles.</subfield><subfield code="2">fast</subfield><subfield code="0">(OCoLC)fst01204540</subfield></datafield><datafield ind1=" " ind2="7" tag="651"><subfield code="a">California</subfield><subfield code="z">Los Angeles County.</subfield><subfield code="2">fast</subfield><subfield code="0">(OCoLC)fst01205194</subfield></datafield><datafield ind1=" " ind2="7" tag="655"><subfield code="a">Newspapers.</subfield><subfield code="2">fast</subfield><subfield code="0">(OCoLC)fst01423814</subfield></datafield><datafield ind1=" " ind2="7" tag="655"><subfield code="a">Underground newspapers</subfield><subfield code="z">California</subfield><subfield code="z">Los Angeles.</subfield><subfield code="2">ngl</subfield></datafield><datafield ind1=" " ind2="7" tag="655"><subfield code="a">African American newspapers</subfield><subfield code="z">California</subfield><subfield code="z">Los Angeles.</subfield><subfield code="2">ngl</subfield></datafield><datafield ind1="2" ind2=" " tag="710"><subfield code="a">Black Congress.</subfield></datafield><datafield ind1=" " ind2=" " tag="752"><subfield code="a">United States</subfield><subfield code="b">California</subfield><subfield code="c">Los Angeles</subfield><subfield code="d">Los Angeles.</subfield></datafield><datafield ind1="1" ind2=" " tag="776"><subfield code="c">Original</subfield><subfield code="w">(DLC)sn2002061596</subfield><subfield code="w">(OCoLC)50567408</subfield></datafield><datafield ind1=" " ind2="0" tag="830"><subfield code="a">Underground newspaper collection.</subfield></datafield><datafield ind1="2" ind2="0" tag="891"><subfield code="9">853</subfield><subfield code="8">1</subfield><subfield code="a">v.</subfield><subfield code="b">no.</subfield><subfield code="u">52</subfield><subfield code="v">r</subfield><subfield code="i">(year)</subfield><subfield code="j">(month)</subfield><subfield code="w">w</subfield></datafield><datafield ind1="4" ind2="1" tag="891"><subfield code="9">863</subfield><subfield code="8">1.1</subfield><subfield code="a">&lt;2&gt;</subfield><subfield code="b">&lt;2&gt;</subfield><subfield code="i">&lt;1967&gt;</subfield><subfield code="j">&lt;12&gt;</subfield></datafield><datafield ind1="1" ind2=" " tag="029"><subfield code="a">AU@</subfield><subfield code="b">000011892819</subfield></datafield><datafield ind1="1" ind2=" " tag="029"><subfield code="a">AU@</subfield><subfield code="b">000024548750</subfield></datafield><datafield ind1="1" ind2=" " tag="029"><subfield code="a">AU@</subfield><subfield code="b">000041101657</subfield></datafield></record>